@online{awtswing,
  author = {Ben Joan},
  title = {{Difference Between AWT and Swing}},
   url  = l{http://www.differencebetween.net/technology/difference-between-awt-and-swing/},
  year = {2009}, 
   urldate = {15-October-2012}
}
@online{expressbot,
  author = {Dave Parker},
  title = {{Express-Bot}},
  url  = {http://www.nxtprograms.com/9797/express-bot/index.html/},
  year = {s.d.}, 
   urldate = {15-October-2012}
}
@online{steeringrover,
  author = {Dave Parker},
  title = {{Steering Robot}},
   url  = {http://www.nxtprograms.com/steering_rover/index.htm/},
  year = {s.d.}, 
  urldate =  {15-October-2012}
}
@online{lcp,
  author = {Lejos},
  title = {{Understanding LCP}},
   url = {http://lejos.sourceforge.net/nxt/nxj/tutorial/AdvancedTopics/UnderstandingFilesLCPMemTools.htm/},
  year = {s.d.}, 
  urldate = {15-October-2012}
}